<record><leader>01684nmm a2200325 a 4500</leader><controlfield tag="001">004226925</controlfield><controlfield tag="003">MiAaHDL</controlfield><controlfield tag="005">20210817000000.0</controlfield><controlfield tag="006">m        d        </controlfield><controlfield tag="007">cr bn ---auaua</controlfield><controlfield tag="008">020513s2001    it         i        ita d</controlfield><datafield tag="020" ind1=" " ind2=" "><subfield code="a">881793206X</subfield></datafield><datafield tag="035" ind1=" " ind2=" "><subfield code="a">(MiU)990042269250106381</subfield></datafield><datafield tag="035" ind1=" " ind2=" "><subfield code="a">sdr-miu.990042269250106381</subfield></datafield><datafield tag="035" ind1=" " ind2=" "><subfield code="a">(III)iiio41040685</subfield></datafield><datafield tag="035" ind1=" " ind2=" "><subfield code="a">(OCoLC)606653301</subfield></datafield><datafield tag="035" ind1=" " ind2=" "><subfield code="z">(MiU)Aleph004226925</subfield></datafield><datafield tag="040" ind1=" " ind2=" "><subfield code="a">EYM</subfield><subfield code="c">EYM</subfield></datafield><datafield tag="100" ind1="0" ind2=" "><subfield code="a">Homer.</subfield></datafield><datafield tag="240" ind1="1" ind2="0"><subfield code="a">Iliad.</subfield><subfield code="l">Italian</subfield></datafield><datafield tag="245" ind1="1" ind2="0"><subfield code="a">Iliade ;</subfield><subfield code="b">Odissea</subfield><subfield code="h">[electronic resource] /</subfield><subfield code="c">Omero ; [traduzione di Maria Grazia Ciani ; commenti di Elisa Avezzù].</subfield></datafield><datafield tag="246" ind1="3" ind2="3"><subfield code="a">Odissea</subfield></datafield><datafield tag="260" ind1=" " ind2=" "><subfield code="a">[Milano?] :</subfield><subfield code="b">Rizzoli New Media,</subfield><subfield code="c">[2001]</subfield></datafield><datafield tag="300" ind1=" " ind2=" "><subfield code="a">2 CD-ROMs :</subfield><subfield code="b">sd., col. ;</subfield><subfield code="c">4 3/4 in. +</subfield><subfield code="e">2 v. (563, 456 p. ; 19 cm.)</subfield></datafield><datafield tag="500" ind1=" " ind2=" "><subfield code="a">Issued in container (20 x 14 x 10 cm.)</subfield></datafield><datafield tag="500" ind1=" " ind2=" "><subfield code="a">Title from container.</subfield></datafield><datafield tag="504" ind1=" " ind2=" "><subfield code="a">Includes bibliographical references.</subfield></datafield><datafield tag="520" ind1=" " ind2=" "><subfield code="a">These interactive CD-ROMs include the Italian translations of the Iliad and the Odyssey along with audio, images, maps, timelines, and more.</subfield></datafield><datafield tag="538" ind1=" " ind2=" "><subfield code="a">Mode of access: Internet.</subfield></datafield><datafield tag="538" ind1=" " ind2=" "><subfield code="a">System requirements for Macintosh: PowerPC processor; 32 MB RAM; Mac OS 8.5, 8.6, 9.0 or 9.1; monitor with millions of colors and 16-bit 800x600 resolution; QuickTime 4.1.2 or higher; 8x CD-ROM drive or faster.</subfield></datafield><datafield tag="538" ind1=" " ind2=" "><subfield code="a">System requirements for Windows: Pentium 200 processor or higher; 32 MB RAM (64 MB for Windows NT or 2000); Windows 95, 98, NT SP4, or 2000; monitor with millions of colors and 16-bit 800x600 resolution; 16-bit Sound Blaster audio or compatible); 8x CD-ROM drive or faster.</subfield></datafield><datafield tag="600" ind1="0" ind2="0"><subfield code="a">Homer</subfield><subfield code="x">Translations into Italian.</subfield></datafield><datafield tag="700" ind1="1" ind2=" "><subfield code="a">Avezzù Tenuta, Elisa.</subfield></datafield><datafield tag="700" ind1="1" ind2=" "><subfield code="a">Ciani, Maria Grazia.</subfield></datafield><datafield tag="700" ind1="0" ind2=" "><subfield code="a">Homer.</subfield><subfield code="t">Odyssey.</subfield><subfield code="l">Italian</subfield></datafield><datafield tag="CID" ind1=" " ind2=" "><subfield code="a">004226925</subfield></datafield><datafield tag="DAT" ind1="0" ind2=" "><subfield code="a">20020515000000.0</subfield><subfield code="b">20210817000000.0</subfield></datafield><datafield tag="DAT" ind1="1" ind2=" "><subfield code="a">20210920060734.0</subfield><subfield code="b">2021-09-21T05:36:34Z</subfield></datafield><datafield tag="DAT" ind1="2" ind2=" "><subfield code="a">2020-11-28T18:30:02Z</subfield></datafield><datafield tag="CAT" ind1=" " ind2=" "><subfield code="a">SDR-MIU</subfield><subfield code="d">ALMA</subfield><subfield code="l">prepare.pl-004-008</subfield></datafield><datafield tag="FMT" ind1=" " ind2=" "><subfield code="a">CF</subfield></datafield><datafield tag="HOL" ind1=" " ind2=" "><subfield code="0">sdr-miu.990042269250106381</subfield><subfield code="a">MiU</subfield><subfield code="b">SDR</subfield><subfield code="c">MIU</subfield><subfield code="p">mdp.39015054190924</subfield><subfield code="s">MIU</subfield><subfield code="z">Book 1</subfield><subfield code="1">990042269250106381</subfield></datafield><datafield tag="974" ind1=" " ind2=" "><subfield code="b">MIU</subfield><subfield code="c">MIU</subfield><subfield code="d">20210921</subfield><subfield code="s">google</subfield><subfield code="u">mdp.39015054190924</subfield><subfield code="z">Book 1</subfield><subfield code="y">2001</subfield><subfield code="r">ic</subfield><subfield code="q">bib</subfield><subfield code="t">non-US bib date1 &gt;= 1927</subfield></datafield><datafield tag="974" ind1=" " ind2=" "><subfield code="b">MIU</subfield><subfield code="c">MIU</subfield><subfield code="d">20210926</subfield><subfield code="s">google</subfield><subfield code="u">mdp.39015054190775</subfield><subfield code="z">Book 2</subfield><subfield code="y">2001</subfield><subfield code="r">ic</subfield><subfield code="q">bib</subfield><subfield code="t">non-US bib date1 &gt;= 1927</subfield></datafield></record>